@book{ausubel2000,
 	title={The Acquisition and Retention of Knowledge: A Cognitive View},
 	author={Ausubel, D.P.},
 	isbn={9780792365051},
 	lccn={00135007},
 	url={https://books.google.com.br/books?id=cwV\_1uIpgVAC},
 	year={2000},
 	publisher={Springer Netherlands}
}

@article{bollen1996,
	title={Algorithms for the self organization of distributed, multi-user networks. Possible application to the future world wide web},
	author={Bollen, J. and Heylighen, F.},
	year={1996},
	journal={Cybernetics and Systems '96 },
	publisher={World Science}
}

@article{oliveira2009,
	title={A possibilidade da escola unitária na sociedade capitalista},
	author={Oliveira, R.},
	year={2009},
	journal={Cadernos de Educação},
	publisher={FaE/PPGE/UFPel}
}

@book{frigotto1989,
	title={A produtividade da escola improdutiva: um (re)exame das relações entre educação e estrutura econômica social e capitalista},
	author={Frigotto, G.},
	year={1989},
	pages={235},
	publisher={Cortez}
}

@article{giraffa1995,
	title={Fundamentos de Teorias de ensino-aprendizagem e sua aplica{\c{c}}{\~a}o em Sistemas Tutores Inteligentes},
 	author={Giraffa, Lucia Maria Martins},
  	journal={Instituto de Informática-UFRGS. Porto Alegre},
  	year={1995}
}

@article{vicari2003,
	title={Fundamentos dos sistemas tutores inteligentes},
  	author={Vicari, R. M. and Giraffa, Lúcia M. M.},
  	journal={Barone, D.; et alii. Sociedades artificiais: a nova fronteira da intelig{\^e}ncia nas m{\'a}quinas. Porto Alegre: Bookman},
  	year={2003}
}

@article{brusilovsky1996,
	year={1996},
	issn={0924-1868},
	journal={User Modeling and User-Adapted Interaction},
	volume={6},
	number={2-3},
	doi={10.1007/BF00143964},
	title={Methods and techniques of adaptive hypermedia},
	url={http://dx.doi.org/10.1007/BF00143964},
	publisher={Kluwer Academic Publishers},
	author={Brusilovsky, P.},
	pages={87-129},
	language={English}
}

@MISC{brusilovsky1994,
    author = {Brusilovsky, P.},
    title = {The Construction and Application of Student Models in Intelligent Tutoring Systems*},
    year = {1994}
}

@article{zhang2005,
	doi={10.1207/s15389286ajde1903\_3},
	author = { Zhang, D.},
	title = {Interactive Multimedia-Based E-Learning: A Study of Effectiveness},
	journal = {American Journal of Distance Education},
	volume = {19},
	number = {3},
	pages = {149-162},
	year = {2005},
	URL = {http://dx.doi.org/10.1207/s15389286ajde1903_3}
}

@MISC{gaudreau1984,
	title={Video Interactive Learning System (VILS)},
	author={Gaudreau, S. and Chan, M.W.},
	booktitle={Computers & Education},
	publisher={Elsevier},
	year={1984}
}

@phdthesis{fragelli2010,
	title={Uma Abordagem de Redes Quantizadas e Objetos Multiformes para Modelagem de Domínio em Sistemas de Tutoria Inteligentes},
	author={Fragelli, R. R.},
	year={2010},
	publisher={Departamento de Engenharia Mecânica, Universidade de Brasília},
	address={Brasília, Brasil},
	pages={163}
}